@inproceedings{jumelet2019analysing,
  title={Analysing Neural Language Models: Contextual Decomposition Reveals Default Reasoning in Number and Gender Assignment},
  author={Jumelet, Jaap and Zuidema, Willem and Hupkes, Dieuwke},
  booktitle={Proceedings of the 23rd Conference on Computational Natural Language Learning (CoNLL)},
  pages={1--11},
  year={2019}
}
